%YAML 1.1
%TAG !u! tag:unity3d.com,2011:
--- !u!29 &1
OcclusionCullingSettings:
  m_ObjectHideFlags: 0
  serializedVersion: 2
  m_OcclusionBakeSettings:
    smallestOccluder: 5
    smallestHole: 0.25
    backfaceThreshold: 100
  m_SceneGUID: 00000000000000000000000000000000
  m_OcclusionCullingData: {fileID: 0}
--- !u!104 &2
RenderSettings:
  m_ObjectHideFlags: 0
  serializedVersion: 9
  m_Fog: 0
  m_FogColor: {r: 0.5, g: 0.5, b: 0.5, a: 1}
  m_FogMode: 3
  m_FogDensity: 0.01
  m_LinearFogStart: 0
  m_LinearFogEnd: 300
  m_AmbientSkyColor: {r: 0.212, g: 0.227, b: 0.259, a: 1}
  m_AmbientEquatorColor: {r: 0.114, g: 0.125, b: 0.133, a: 1}
  m_AmbientGroundColor: {r: 0.047, g: 0.043, b: 0.035, a: 1}
  m_AmbientIntensity: 1
  m_AmbientMode: 0
  m_SubtractiveShadowColor: {r: 0.42, g: 0.478, b: 0.627, a: 1}
  m_SkyboxMaterial: {fileID: 10304, guid: 0000000000000000f000000000000000, type: 0}
  m_HaloStrength: 0.5
  m_FlareStrength: 1
  m_FlareFadeSpeed: 3
  m_HaloTexture: {fileID: 0}
  m_SpotCookie: {fileID: 10001, guid: 0000000000000000e000000000000000, type: 0}
  m_DefaultReflectionMode: 0
  m_DefaultReflectionResolution: 128
  m_ReflectionBounces: 1
  m_ReflectionIntensity: 1
  m_CustomReflection: {fileID: 0}
  m_Sun: {fileID: 0}
  m_IndirectSpecularColor: {r: 0.44657826, g: 0.49641263, b: 0.57481676, a: 1}
  m_UseRadianceAmbientProbe: 0
--- !u!157 &3
LightmapSettings:
  m_ObjectHideFlags: 0
  serializedVersion: 11
  m_GIWorkflowMode: 0
  m_GISettings:
    serializedVersion: 2
    m_BounceScale: 1
    m_IndirectOutputScale: 1
    m_AlbedoBoost: 1
    m_TemporalCoherenceThreshold: 1
    m_EnvironmentLightingMode: 0
    m_EnableBakedLightmaps: 1
    m_EnableRealtimeLightmaps: 0
  m_LightmapEditorSettings:
    serializedVersion: 10
    m_Resolution: 2
    m_BakeResolution: 10
    m_AtlasSize: 512
    m_AO: 0
    m_AOMaxDistance: 1
    m_CompAOExponent: 1
    m_CompAOExponentDirect: 0
    m_Padding: 2
    m_LightmapParameters: {fileID: 0}
    m_LightmapsBakeMode: 1
    m_TextureCompression: 1
    m_FinalGather: 0
    m_FinalGatherFiltering: 1
    m_FinalGatherRayCount: 256
    m_ReflectionCompression: 2
    m_MixedBakeMode: 2
    m_BakeBackend: 1
    m_PVRSampling: 1
    m_PVRDirectSampleCount: 32
    m_PVRSampleCount: 256
    m_PVRBounces: 2
    m_PVRFilterTypeDirect: 0
    m_PVRFilterTypeIndirect: 0
    m_PVRFilterTypeAO: 0
    m_PVRFilteringMode: 1
    m_PVRCulling: 1
    m_PVRFilteringGaussRadiusDirect: 1
    m_PVRFilteringGaussRadiusIndirect: 5
    m_PVRFilteringGaussRadiusAO: 2
    m_PVRFilteringAtrousPositionSigmaDirect: 0.5
    m_PVRFilteringAtrousPositionSigmaIndirect: 2
    m_PVRFilteringAtrousPositionSigmaAO: 1
    m_ShowResolutionOverlay: 1
  m_LightingDataAsset: {fileID: 0}
  m_UseShadowmask: 1
--- !u!196 &4
NavMeshSettings:
  serializedVersion: 2
  m_ObjectHideFlags: 0
  m_BuildSettings:
    serializedVersion: 2
    agentTypeID: 0
    agentRadius: 0.5
    agentHeight: 2
    agentSlope: 45
    agentClimb: 0.4
    ledgeDropHeight: 0
    maxJumpAcrossDistance: 0
    minRegionArea: 2
    manualCellSize: 0
    cellSize: 0.16666667
    manualTileSize: 0
    tileSize: 256
    accuratePlacement: 0
    debug:
      m_Flags: 0
  m_NavMeshData: {fileID: 0}
--- !u!1001 &97747990
Prefab:
  m_ObjectHideFlags: 0
  serializedVersion: 2
  m_Modification:
    m_TransformParent: {fileID: 0}
    m_Modifications:
    - target: {fileID: 4442908887562770, guid: c10877f7cd5764de18d46d7b777d1faa, type: 2}
      propertyPath: m_LocalPosition.x
      value: 0
      objectReference: {fileID: 0}
    - target: {fileID: 4442908887562770, guid: c10877f7cd5764de18d46d7b777d1faa, type: 2}
      propertyPath: m_LocalPosition.y
      value: 0
      objectReference: {fileID: 0}
    - target: {fileID: 4442908887562770, guid: c10877f7cd5764de18d46d7b777d1faa, type: 2}
      propertyPath: m_LocalPosition.z
      value: 0
      objectReference: {fileID: 0}
    - target: {fileID: 4442908887562770, guid: c10877f7cd5764de18d46d7b777d1faa, type: 2}
      propertyPath: m_LocalRotation.x
      value: 0
      objectReference: {fileID: 0}
    - target: {fileID: 4442908887562770, guid: c10877f7cd5764de18d46d7b777d1faa, type: 2}
      propertyPath: m_LocalRotation.y
      value: 0
      objectReference: {fileID: 0}
    - target: {fileID: 4442908887562770, guid: c10877f7cd5764de18d46d7b777d1faa, type: 2}
      propertyPath: m_LocalRotation.z
      value: 0
      objectReference: {fileID: 0}
    - target: {fileID: 4442908887562770, guid: c10877f7cd5764de18d46d7b777d1faa, type: 2}
      propertyPath: m_LocalRotation.w
      value: 1
      objectReference: {fileID: 0}
    - target: {fileID: 4442908887562770, guid: c10877f7cd5764de18d46d7b777d1faa, type: 2}
      propertyPath: m_RootOrder
      value: 6
      objectReference: {fileID: 0}
    - target: {fileID: 1772147192650458, guid: c10877f7cd5764de18d46d7b777d1faa, type: 2}
      propertyPath: m_Name
      value: ARCore Device
      objectReference: {fileID: 0}
    m_RemovedComponents: []
  m_ParentPrefab: {fileID: 100100000, guid: c10877f7cd5764de18d46d7b777d1faa, type: 2}
  m_IsPrefabParent: 0
--- !u!1 &170076733
GameObject:
  m_ObjectHideFlags: 0
  m_PrefabParentObject: {fileID: 0}
  m_PrefabInternal: {fileID: 0}
  serializedVersion: 5
  m_Component:
  - component: {fileID: 170076735}
  - component: {fileID: 170076734}
  m_Layer: 0
  m_Name: Directional Light
  m_TagString: Untagged
  m_Icon: {fileID: 0}
  m_NavMeshLayer: 0
  m_StaticEditorFlags: 0
  m_IsActive: 1
--- !u!108 &170076734
Light:
  m_ObjectHideFlags: 0
  m_PrefabParentObject: {fileID: 0}
  m_PrefabInternal: {fileID: 0}
  m_GameObject: {fileID: 170076733}
  m_Enabled: 1
  serializedVersion: 8
  m_Type: 1
  m_Color: {r: 1, g: 0.95686275, b: 0.8392157, a: 1}
  m_Intensity: 1
  m_Range: 10
  m_SpotAngle: 30
  m_CookieSize: 10
  m_Shadows:
    m_Type: 2
    m_Resolution: -1
    m_CustomResolution: -1
    m_Strength: 1
    m_Bias: 0.05
    m_NormalBias: 0.4
    m_NearPlane: 0.2
  m_Cookie: {fileID: 0}
  m_DrawHalo: 0
  m_Flare: {fileID: 0}
  m_RenderMode: 0
  m_CullingMask:
    serializedVersion: 2
    m_Bits: 4294967295
  m_Lightmapping: 1
  m_AreaSize: {x: 1, y: 1}
  m_BounceIntensity: 1
  m_ColorTemperature: 6570
  m_UseColorTemperature: 0
  m_ShadowRadius: 0
  m_ShadowAngle: 0
--- !u!4 &170076735
Transform:
  m_ObjectHideFlags: 0
  m_PrefabParentObject: {fileID: 0}
  m_PrefabInternal: {fileID: 0}
  m_GameObject: {fileID: 170076733}
  m_LocalRotation: {x: 0.40821788, y: -0.23456968, z: 0.10938163, w: 0.8754261}
  m_LocalPosition: {x: 0, y: 3, z: 0}
  m_LocalScale: {x: 1, y: 1, z: 1}
  m_Children: []
  m_Father: {fileID: 0}
  m_RootOrder: 2
  m_LocalEulerAnglesHint: {x: 50, y: -30, z: 0}
--- !u!4 &533959915 stripped
Transform:
  m_PrefabParentObject: {fileID: 4376169239413574, guid: 74f4e1613d87cc845ae476792a684445,
    type: 2}
  m_PrefabInternal: {fileID: 815880332}
--- !u!1 &627916101
GameObject:
  m_ObjectHideFlags: 0
  m_PrefabParentObject: {fileID: 0}
  m_PrefabInternal: {fileID: 0}
  serializedVersion: 5
  m_Component:
  - component: {fileID: 627916102}
  - component: {fileID: 627916103}
  m_Layer: 0
  m_Name: Example Controller
  m_TagString: Untagged
  m_Icon: {fileID: 0}
  m_NavMeshLayer: 0
  m_StaticEditorFlags: 0
  m_IsActive: 1
--- !u!4 &627916102
Transform:
  m_ObjectHideFlags: 0
  m_PrefabParentObject: {fileID: 0}
  m_PrefabInternal: {fileID: 0}
  m_GameObject: {fileID: 627916101}
  m_LocalRotation: {x: -0, y: -0, z: -0, w: 1}
  m_LocalPosition: {x: 0, y: 0, z: 0}
  m_LocalScale: {x: 1, y: 1, z: 1}
  m_Children: []
  m_Father: {fileID: 0}
  m_RootOrder: 4
  m_LocalEulerAnglesHint: {x: 0, y: 0, z: 0}
--- !u!114 &627916103
MonoBehaviour:
  m_ObjectHideFlags: 0
  m_PrefabParentObject: {fileID: 0}
  m_PrefabInternal: {fileID: 0}
  m_GameObject: {fileID: 627916101}
  m_Enabled: 1
  m_EditorHideFlags: 0
  m_Script: {fileID: 11500000, guid: 26074b15f9c13404d858bfedb8b8c00c, type: 3}
  m_Name: 
  m_EditorClassIdentifier: 
  FirstPersonCamera: {fileID: 896679035}
  DetectedPlanePrefab: {fileID: 1654175882956584, guid: 6a35c744e5010405c847fad90282d2be,
    type: 2}
  AndyAndroidPrefab: {fileID: 1190091649889860, guid: 242a320930b81430ba610f94f9b760c8,
    type: 2}
  SearchingForPlaneUI: {fileID: 1133631540}
--- !u!1001 &815880332
Prefab:
  m_ObjectHideFlags: 0
  serializedVersion: 2
  m_Modification:
    m_TransformParent: {fileID: 1638261589}
    m_Modifications:
    - target: {fileID: 4376169239413574, guid: 74f4e1613d87cc845ae476792a684445, type: 2}
      propertyPath: m_LocalPosition.x
      value: 0
      objectReference: {fileID: 0}
    - target: {fileID: 4376169239413574, guid: 74f4e1613d87cc845ae476792a684445, type: 2}
      propertyPath: m_LocalPosition.y
      value: 0
      objectReference: {fileID: 0}
    - target: {fileID: 4376169239413574, guid: 74f4e1613d87cc845ae476792a684445, type: 2}
      propertyPath: m_LocalPosition.z
      value: 0
      objectReference: {fileID: 0}
    - target: {fileID: 4376169239413574, guid: 74f4e1613d87cc845ae476792a684445, type: 2}
      propertyPath: m_LocalRotation.x
      value: -0
      objectReference: {fileID: 0}
    - target: {fileID: 4376169239413574, guid: 74f4e1613d87cc845ae476792a684445, type: 2}
      propertyPath: m_LocalRotation.y
      value: -0
      objectReference: {fileID: 0}
    - target: {fileID: 4376169239413574, guid: 74f4e1613d87cc845ae476792a684445, type: 2}
      propertyPath: m_LocalRotation.z
      value: -0
      objectReference: {fileID: 0}
    - target: {fileID: 4376169239413574, guid: 74f4e1613d87cc845ae476792a684445, type: 2}
      propertyPath: m_LocalRotation.w
      value: 1
      objectReference: {fileID: 0}
    - target: {fileID: 4376169239413574, guid: 74f4e1613d87cc845ae476792a684445, type: 2}
      propertyPath: m_RootOrder
      value: 0
      objectReference: {fileID: 0}
    - target: {fileID: 4376169239413574, guid: 74f4e1613d87cc845ae476792a684445, type: 2}
      propertyPath: m_LocalScale.x
      value: 4
      objectReference: {fileID: 0}
    - target: {fileID: 4376169239413574, guid: 74f4e1613d87cc845ae476792a684445, type: 2}
      propertyPath: m_LocalScale.y
      value: 4
      objectReference: {fileID: 0}
    - target: {fileID: 4376169239413574, guid: 74f4e1613d87cc845ae476792a684445, type: 2}
      propertyPath: m_LocalScale.z
      value: 4
      objectReference: {fileID: 0}
    m_RemovedComponents: []
  m_ParentPrefab: {fileID: 100100000, guid: 74f4e1613d87cc845ae476792a684445, type: 2}
  m_IsPrefabParent: 0
--- !u!20 &896679035 stripped
Camera:
  m_PrefabParentObject: {fileID: 20155940112608238, guid: c10877f7cd5764de18d46d7b777d1faa,
    type: 2}
  m_PrefabInternal: {fileID: 97747990}
--- !u!1 &1133631540
GameObject:
  m_ObjectHideFlags: 0
  m_PrefabParentObject: {fileID: 0}
  m_PrefabInternal: {fileID: 0}
  serializedVersion: 5
  m_Component:
  - component: {fileID: 1133631541}
  - component: {fileID: 1133631543}
  - component: {fileID: 1133631542}
  m_Layer: 5
  m_Name: SnackBar
  m_TagString: Untagged
  m_Icon: {fileID: 0}
  m_NavMeshLayer: 0
  m_StaticEditorFlags: 0
  m_IsActive: 0
--- !u!224 &1133631541
RectTransform:
  m_ObjectHideFlags: 0
  m_PrefabParentObject: {fileID: 0}
  m_PrefabInternal: {fileID: 0}
  m_GameObject: {fileID: 1133631540}
  m_LocalRotation: {x: 0, y: 0, z: 0, w: 1}
  m_LocalPosition: {x: 0, y: 0, z: 0}
  m_LocalScale: {x: 1, y: 1, z: 1}
  m_Children:
  - {fileID: 1764419356}
  m_Father: {fileID: 1608144857}
  m_RootOrder: 0
  m_LocalEulerAnglesHint: {x: 0, y: 0, z: 0}
  m_AnchorMin: {x: 0, y: 0}
  m_AnchorMax: {x: 1, y: 0}
  m_AnchoredPosition: {x: 0, y: 80}
  m_SizeDelta: {x: 0, y: 160}
  m_Pivot: {x: 0.5, y: 0.5}
--- !u!114 &1133631542
MonoBehaviour:
  m_ObjectHideFlags: 0
  m_PrefabParentObject: {fileID: 0}
  m_PrefabInternal: {fileID: 0}
  m_GameObject: {fileID: 1133631540}
  m_Enabled: 1
  m_EditorHideFlags: 0
  m_Script: {fileID: -765806418, guid: f70555f144d8491a825f0804e09c671c, type: 3}
  m_Name: 
  m_EditorClassIdentifier: 
  m_Material: {fileID: 0}
  m_Color: {r: 0.19607843, g: 0.19607843, b: 0.19607843, a: 0.74509805}
  m_RaycastTarget: 1
  m_OnCullStateChanged:
    m_PersistentCalls:
      m_Calls: []
    m_TypeName: UnityEngine.UI.MaskableGraphic+CullStateChangedEvent, UnityEngine.UI,
      Version=1.0.0.0, Culture=neutral, PublicKeyToken=null
  m_Sprite: {fileID: 0}
  m_Type: 0
  m_PreserveAspect: 0
  m_FillCenter: 1
  m_FillMethod: 4
  m_FillAmount: 1
  m_FillClockwise: 1
  m_FillOrigin: 0
--- !u!222 &1133631543
CanvasRenderer:
  m_ObjectHideFlags: 0
  m_PrefabParentObject: {fileID: 0}
  m_PrefabInternal: {fileID: 0}
  m_GameObject: {fileID: 1133631540}
--- !u!1001 &1394164186
Prefab:
  m_ObjectHideFlags: 0
  serializedVersion: 2
  m_Modification:
    m_TransformParent: {fileID: 0}
    m_Modifications:
    - target: {fileID: 4461716624848968, guid: cf498fc35b538884db557f7a9a2c0ef9, type: 2}
      propertyPath: m_LocalPosition.x
      value: 0
      objectReference: {fileID: 0}
    - target: {fileID: 4461716624848968, guid: cf498fc35b538884db557f7a9a2c0ef9, type: 2}
      propertyPath: m_LocalPosition.y
      value: 0
      objectReference: {fileID: 0}
    - target: {fileID: 4461716624848968, guid: cf498fc35b538884db557f7a9a2c0ef9, type: 2}
      propertyPath: m_LocalPosition.z
      value: 0
      objectReference: {fileID: 0}
    - target: {fileID: 4461716624848968, guid: cf498fc35b538884db557f7a9a2c0ef9, type: 2}
      propertyPath: m_LocalRotation.x
      value: -0
      objectReference: {fileID: 0}
    - target: {fileID: 4461716624848968, guid: cf498fc35b538884db557f7a9a2c0ef9, type: 2}
      propertyPath: m_LocalRotation.y
      value: -0
      objectReference: {fileID: 0}
    - target: {fileID: 4461716624848968, guid: cf498fc35b538884db557f7a9a2c0ef9, type: 2}
      propertyPath: m_LocalRotation.z
      value: -0
      objectReference: {fileID: 0}
    - target: {fileID: 4461716624848968, guid: cf498fc35b538884db557f7a9a2c0ef9, type: 2}
      propertyPath: m_LocalRotation.w
      value: 1
      objectReference: {fileID: 0}
    - target: {fileID: 4461716624848968, guid: cf498fc35b538884db557f7a9a2c0ef9, type: 2}
      propertyPath: m_RootOrder
      value: 1
      objectReference: {fileID: 0}
    m_RemovedComponents: []
  m_ParentPrefab: {fileID: 100100000, guid: cf498fc35b538884db557f7a9a2c0ef9, type: 2}
  m_IsPrefabParent: 0
--- !u!1001 &1483535772
Prefab:
  m_ObjectHideFlags: 0
  serializedVersion: 2
  m_Modification:
    m_TransformParent: {fileID: 0}
    m_Modifications:
    - target: {fileID: 4822688376321938, guid: b0ebcd96fb71c424a8f4fba284f8fb7a, type: 2}
      propertyPath: m_LocalPosition.x
      value: 0
      objectReference: {fileID: 0}
    - target: {fileID: 4822688376321938, guid: b0ebcd96fb71c424a8f4fba284f8fb7a, type: 2}
      propertyPath: m_LocalPosition.y
      value: 0
      objectReference: {fileID: 0}
    - target: {fileID: 4822688376321938, guid: b0ebcd96fb71c424a8f4fba284f8fb7a, type: 2}
      propertyPath: m_LocalPosition.z
      value: 0
      objectReference: {fileID: 0}
    - target: {fileID: 4822688376321938, guid: b0ebcd96fb71c424a8f4fba284f8fb7a, type: 2}
      propertyPath: m_LocalRotation.x
      value: -0
      objectReference: {fileID: 0}
    - target: {fileID: 4822688376321938, guid: b0ebcd96fb71c424a8f4fba284f8fb7a, type: 2}
      propertyPath: m_LocalRotation.y
      value: -0
      objectReference: {fileID: 0}
    - target: {fileID: 4822688376321938, guid: b0ebcd96fb71c424a8f4fba284f8fb7a, type: 2}
      propertyPath: m_LocalRotation.z
      value: -0
      objectReference: {fileID: 0}
    - target: {fileID: 4822688376321938, guid: b0ebcd96fb71c424a8f4fba284f8fb7a, type: 2}
      propertyPath: m_LocalRotation.w
      value: 1
      objectReference: {fileID: 0}
    - target: {fileID: 4822688376321938, guid: b0ebcd96fb71c424a8f4fba284f8fb7a, type: 2}
      propertyPath: m_RootOrder
      value: 7
      objectReference: {fileID: 0}
    - target: {fileID: 114905853312552242, guid: b0ebcd96fb71c424a8f4fba284f8fb7a,
        type: 2}
      propertyPath: mapManager
      value: 
      objectReference: {fileID: 1638261590}
    - target: {fileID: 114044987411071748, guid: b0ebcd96fb71c424a8f4fba284f8fb7a,
        type: 2}
      propertyPath: _latitudeLongitude
      value: 43.3277501,21.9015916
      objectReference: {fileID: 0}
    m_RemovedComponents: []
  m_ParentPrefab: {fileID: 100100000, guid: b0ebcd96fb71c424a8f4fba284f8fb7a, type: 2}
  m_IsPrefabParent: 0
--- !u!1 &1608144853
GameObject:
  m_ObjectHideFlags: 0
  m_PrefabParentObject: {fileID: 0}
  m_PrefabInternal: {fileID: 0}
  serializedVersion: 5
  m_Component:
  - component: {fileID: 1608144857}
  - component: {fileID: 1608144856}
  - component: {fileID: 1608144855}
  - component: {fileID: 1608144854}
  m_Layer: 5
  m_Name: Canvas
  m_TagString: Untagged
  m_Icon: {fileID: 0}
  m_NavMeshLayer: 0
  m_StaticEditorFlags: 0
  m_IsActive: 1
--- !u!114 &1608144854
MonoBehaviour:
  m_ObjectHideFlags: 0
  m_PrefabParentObject: {fileID: 0}
  m_PrefabInternal: {fileID: 0}
  m_GameObject: {fileID: 1608144853}
  m_Enabled: 1
  m_EditorHideFlags: 0
  m_Script: {fileID: 1301386320, guid: f70555f144d8491a825f0804e09c671c, type: 3}
  m_Name: 
  m_EditorClassIdentifier: 
  m_IgnoreReversedGraphics: 1
  m_BlockingObjects: 0
  m_BlockingMask:
    serializedVersion: 2
    m_Bits: 4294967295
--- !u!114 &1608144855
MonoBehaviour:
  m_ObjectHideFlags: 0
  m_PrefabParentObject: {fileID: 0}
  m_PrefabInternal: {fileID: 0}
  m_GameObject: {fileID: 1608144853}
  m_Enabled: 1
  m_EditorHideFlags: 0
  m_Script: {fileID: 1980459831, guid: f70555f144d8491a825f0804e09c671c, type: 3}
  m_Name: 
  m_EditorClassIdentifier: 
  m_UiScaleMode: 0
  m_ReferencePixelsPerUnit: 100
  m_ScaleFactor: 1
  m_ReferenceResolution: {x: 800, y: 600}
  m_ScreenMatchMode: 0
  m_MatchWidthOrHeight: 1
  m_PhysicalUnit: 3
  m_FallbackScreenDPI: 96
  m_DefaultSpriteDPI: 96
  m_DynamicPixelsPerUnit: 1
--- !u!223 &1608144856
Canvas:
  m_ObjectHideFlags: 0
  m_PrefabParentObject: {fileID: 0}
  m_PrefabInternal: {fileID: 0}
  m_GameObject: {fileID: 1608144853}
  m_Enabled: 1
  serializedVersion: 3
  m_RenderMode: 0
  m_Camera: {fileID: 0}
  m_PlaneDistance: 100
  m_PixelPerfect: 0
  m_ReceivesEvents: 1
  m_OverrideSorting: 0
  m_OverridePixelPerfect: 0
  m_SortingBucketNormalizedSize: 0
  m_AdditionalShaderChannelsFlag: 0
  m_SortingLayerID: 0
  m_SortingOrder: 0
  m_TargetDisplay: 0
--- !u!224 &1608144857
RectTransform:
  m_ObjectHideFlags: 0
  m_PrefabParentObject: {fileID: 0}
  m_PrefabInternal: {fileID: 0}
  m_GameObject: {fileID: 1608144853}
  m_LocalRotation: {x: 0, y: 0, z: 0, w: 1}
  m_LocalPosition: {x: 0, y: 0, z: 0}
  m_LocalScale: {x: 0, y: 0, z: 0}
  m_Children:
  - {fileID: 1133631541}
  m_Father: {fileID: 0}
  m_RootOrder: 5
  m_LocalEulerAnglesHint: {x: 0, y: 0, z: 0}
  m_AnchorMin: {x: 0, y: 0}
  m_AnchorMax: {x: 0, y: 0}
  m_AnchoredPosition: {x: 0, y: 0}
  m_SizeDelta: {x: 0, y: 0}
  m_Pivot: {x: 0, y: 0}
--- !u!1 &1638261588
GameObject:
  m_ObjectHideFlags: 0
  m_PrefabParentObject: {fileID: 0}
  m_PrefabInternal: {fileID: 0}
  serializedVersion: 5
  m_Component:
  - component: {fileID: 1638261589}
  - component: {fileID: 1638261590}
  - component: {fileID: 1638261591}
  - component: {fileID: 1638261592}
  - component: {fileID: 1638261593}
  m_Layer: 0
  m_Name: Map
  m_TagString: Untagged
  m_Icon: {fileID: 0}
  m_NavMeshLayer: 0
  m_StaticEditorFlags: 0
  m_IsActive: 1
--- !u!4 &1638261589
Transform:
  m_ObjectHideFlags: 0
  m_PrefabParentObject: {fileID: 0}
  m_PrefabInternal: {fileID: 0}
  m_GameObject: {fileID: 1638261588}
  m_LocalRotation: {x: 0, y: 0, z: 0, w: 1}
  m_LocalPosition: {x: 0, y: 0, z: 0}
  m_LocalScale: {x: 0.005, y: 0.005, z: 0.005}
  m_Children:
  - {fileID: 533959915}
  m_Father: {fileID: 0}
  m_RootOrder: 3
  m_LocalEulerAnglesHint: {x: 0, y: 0, z: 0}
--- !u!114 &1638261590
MonoBehaviour:
  m_ObjectHideFlags: 0
  m_PrefabParentObject: {fileID: 0}
  m_PrefabInternal: {fileID: 0}
  m_GameObject: {fileID: 1638261588}
  m_Enabled: 1
  m_EditorHideFlags: 0
  m_Script: {fileID: 11500000, guid: cd961b1c9541a4cee99686069ecce852, type: 3}
  m_Name: 
  m_EditorClassIdentifier: 
  _initializeOnStart: 0
  _options:
    locationOptions:
      latitudeLongitude: 43.3277501,21.9015916
      zoom: 17
    extentOptions:
      extentType: 1
      cameraBoundsOptions:
        camera: {fileID: 0}
        visibleBuffer: 0
        disposeBuffer: 0
        updateInterval: 0
      rangeAroundCenterOptions:
        west: 4
        north: 4
        east: 4
        south: 4
      rangeAroundTransformOptions:
        targetTransform: {fileID: 0}
        visibleBuffer: 0
        disposeBuffer: 0
    placementOptions:
      placementType: 1
      snapMapToZero: 0
    scalingOptions:
      scalingType: 1
      unityTileSize: 100
    loadingTexture: {fileID: 0}
  _imagery:
    _layerProperty:
      sourceType: 0
      sourceOptions:
        isActive: 1
        layerSource:
          Name: Streets
          Id: mapbox://styles/mapbox/streets-v10
          Modified: 
          UserName: 
      rasterOptions:
        useRetina: 0
        useCompression: 0
        useMipMap: 0
  _terrain:
    _layerProperty:
      sourceType: 0
      sourceOptions:
        isActive: 1
        layerSource:
          Name: 
          Id: mapbox.terrain-rgb
          Modified: 
          UserName: 
      elevationLayerType: 0
      requiredOptions:
        baseMaterial: {fileID: 0}
        addCollider: 0
        exaggerationFactor: 1
      modificationOptions:
        sampleCount: 10
        useRelativeHeight: 0
        earthRadius: 1000
      unityLayerOptions:
        addToLayer: 0
        layerId: 0
      sideWallOptions:
        isActive: 1
        wallHeight: 10
        wallMaterial: {fileID: 2100000, guid: 31d8bd8fc9d4850408a1660cf3619850, type: 2}
  _vectorData:
    _layerProperty:
      tileJsonData:
        tileJSONLoaded: 0
        LayerDisplayNames:
        - admin
        - aeroway
        - airport_label
        - barrier_line
        - building
        - country_label
        - housenum_label
        - landuse
        - landuse_overlay
        - marine_label
        - motorway_junction
        - mountain_peak_label
        - place_label
        - poi_label
        - rail_station_label
        - road
        - road_label
        - state_label
        - water
        - water_label
        - waterway
        - waterway_label
      _sourceType: 1
      sourceOptions:
        isActive: 1
        layerSource:
          Name: Mapbox Streets
          Id: mapbox.mapbox-streets-v7
          Modified: 
          UserName: 
      useOptimizedStyle: 0
      optimizedStyle:
        Name: 
        Id: 
        Modified: 
        UserName: 
      performanceOptions:
        isEnabled: 1
        entityPerCoroutine: 20
      vectorSubLayers:
      - coreOptions:
          sourceId: 
          isActive: 1
          sublayerName: Buildings
          geometryType: 2
          layerName: building
          snapToTerrain: 1
          groupFeatures: 0
          lineWidth: 1
        filterOptions:
          _selectedLayerName: building
          filters: []
          combinerType: 0
        extrusionOptions:
          _selectedLayerName: building
          extrusionType: 1
          extrusionGeometryType: 0
          propertyName: height
          propertyDescription: Number. Height of building or part of building.
          minimumHeight: 0
          maximumHeight: 0
          extrusionScaleFactor: 1
        colliderOptions:
          colliderType: 0
        materialOptions:
          style: 4
          texturingType: 0
          materials:
          - Materials:
            - {fileID: 2100000, guid: a1aa333e18c0640d7b428eecff9c4af7, type: 2}
          - Materials:
            - {fileID: 2100000, guid: c0653693b48614a139a124871d499679, type: 2}
          atlasInfo: {fileID: 11400000, guid: 414754d7155df47beb52ca117a774f21, type: 2}
          colorPalette: {fileID: 11400000, guid: 57bdfa37edf7a4f7f999d19443497554,
            type: 2}
        honorBuildingIdSetting: 0
        buildingsWithUniqueIds: 0
        moveFeaturePositionTo: 0
        MeshModifiers: []
        GoModifiers: []
      - coreOptions:
          sourceId: 
          isActive: 1
          sublayerName: Roads
          geometryType: 1
          layerName: road
          snapToTerrain: 1
          groupFeatures: 0
          lineWidth: 3
        filterOptions:
          _selectedLayerName: building
          filters: []
          combinerType: 0
        extrusionOptions:
          _selectedLayerName: road
          extrusionType: 5
          extrusionGeometryType: 0
          propertyName: height
          propertyDescription: Number. Height of building or part of building.
          minimumHeight: 0
          maximumHeight: 2
          extrusionScaleFactor: 1
        colliderOptions:
          colliderType: 0
        materialOptions:
          style: 4
          texturingType: 0
          materials:
          - Materials:
            - {fileID: 2100000, guid: a1aa333e18c0640d7b428eecff9c4af7, type: 2}
          - Materials:
            - {fileID: 2100000, guid: c0653693b48614a139a124871d499679, type: 2}
          atlasInfo: {fileID: 11400000, guid: 414754d7155df47beb52ca117a774f21, type: 2}
          colorPalette: {fileID: 11400000, guid: 57bdfa37edf7a4f7f999d19443497554,
            type: 2}
        honorBuildingIdSetting: 0
        buildingsWithUniqueIds: 0
        moveFeaturePositionTo: 0
        MeshModifiers: []
        GoModifiers: []
      locationPrefabList: []
  _tileProvider: {fileID: 0}
--- !u!114 &1638261591
MonoBehaviour:
  m_ObjectHideFlags: 0
  m_PrefabParentObject: {fileID: 0}
  m_PrefabInternal: {fileID: 0}
  m_GameObject: {fileID: 1638261588}
  m_Enabled: 1
  m_EditorHideFlags: 0
  m_Script: {fileID: 11500000, guid: 96f0fa82f89d64bb9a6524c72d538179, type: 3}
  m_Name: 
  m_EditorClassIdentifier: 
  _map: {fileID: 1638261590}
--- !u!114 &1638261592
MonoBehaviour:
  m_ObjectHideFlags: 0
  m_PrefabParentObject: {fileID: 0}
  m_PrefabInternal: {fileID: 0}
  m_GameObject: {fileID: 1638261588}
  m_Enabled: 1
  m_EditorHideFlags: 0
  m_Script: {fileID: 11500000, guid: 1516ea409640dff42aff562142d97597, type: 3}
  m_Name: 
  m_EditorClassIdentifier: 
--- !u!114 &1638261593
MonoBehaviour:
  m_ObjectHideFlags: 0
  m_PrefabParentObject: {fileID: 0}
  m_PrefabInternal: {fileID: 0}
  m_GameObject: {fileID: 1638261588}
  m_Enabled: 1
  m_EditorHideFlags: 0
  m_Script: {fileID: 11500000, guid: e4ad70c5749f3d94981a653294a294bd, type: 3}
  m_Name: 
  m_EditorClassIdentifier: 
--- !u!1 &1759795985
GameObject:
  m_ObjectHideFlags: 0
  m_PrefabParentObject: {fileID: 0}
  m_PrefabInternal: {fileID: 0}
  serializedVersion: 5
  m_Component:
  - component: {fileID: 1759795989}
  - component: {fileID: 1759795988}
  - component: {fileID: 1759795986}
  - component: {fileID: 1759795987}
  m_Layer: 0
  m_Name: Point Cloud
  m_TagString: Untagged
  m_Icon: {fileID: 0}
  m_NavMeshLayer: 0
  m_StaticEditorFlags: 0
  m_IsActive: 1
--- !u!23 &1759795986
MeshRenderer:
  m_ObjectHideFlags: 0
  m_PrefabParentObject: {fileID: 0}
  m_PrefabInternal: {fileID: 0}
  m_GameObject: {fileID: 1759795985}
  m_Enabled: 1
  m_CastShadows: 1
  m_ReceiveShadows: 1
  m_DynamicOccludee: 1
  m_MotionVectors: 1
  m_LightProbeUsage: 1
  m_ReflectionProbeUsage: 1
  m_RenderingLayerMask: 4294967295
  m_Materials:
  - {fileID: 2100000, guid: fb4fbd1b92e244df2bc6f43deb7a57a2, type: 2}
  m_StaticBatchInfo:
    firstSubMesh: 0
    subMeshCount: 0
  m_StaticBatchRoot: {fileID: 0}
  m_ProbeAnchor: {fileID: 0}
  m_LightProbeVolumeOverride: {fileID: 0}
  m_ScaleInLightmap: 1
  m_PreserveUVs: 1
  m_IgnoreNormalsForChartDetection: 0
  m_ImportantGI: 0
  m_StitchLightmapSeams: 0
  m_SelectedEditorRenderState: 3
  m_MinimumChartSize: 4
  m_AutoUVMaxDistance: 0.5
  m_AutoUVMaxAngle: 89
  m_LightmapParameters: {fileID: 0}
  m_SortingLayerID: 0
  m_SortingLayer: 0
  m_SortingOrder: 0
--- !u!114 &1759795987
MonoBehaviour:
  m_ObjectHideFlags: 0
  m_PrefabParentObject: {fileID: 0}
  m_PrefabInternal: {fileID: 0}
  m_GameObject: {fileID: 1759795985}
  m_Enabled: 1
  m_EditorHideFlags: 0
  m_Script: {fileID: 11500000, guid: 4d5645b79cc5e4251827ffe171ed4658, type: 3}
  m_Name: 
  m_EditorClassIdentifier: 
--- !u!33 &1759795988
MeshFilter:
  m_ObjectHideFlags: 0
  m_PrefabParentObject: {fileID: 0}
  m_PrefabInternal: {fileID: 0}
  m_GameObject: {fileID: 1759795985}
  m_Mesh: {fileID: 10202, guid: 0000000000000000e000000000000000, type: 0}
--- !u!4 &1759795989
Transform:
  m_ObjectHideFlags: 0
  m_PrefabParentObject: {fileID: 0}
  m_PrefabInternal: {fileID: 0}
  m_GameObject: {fileID: 1759795985}
  m_LocalRotation: {x: -0, y: -0, z: -0, w: 1}
  m_LocalPosition: {x: 0, y: 0, z: 0}
  m_LocalScale: {x: 1, y: 1, z: 1}
  m_Children: []
  m_Father: {fileID: 0}
  m_RootOrder: 0
  m_LocalEulerAnglesHint: {x: 0, y: 0, z: 0}
--- !u!1 &1764419355
GameObject:
  m_ObjectHideFlags: 0
  m_PrefabParentObject: {fileID: 0}
  m_PrefabInternal: {fileID: 0}
  serializedVersion: 5
  m_Component:
  - component: {fileID: 1764419356}
  - component: {fileID: 1764419358}
  - component: {fileID: 1764419357}
  m_Layer: 5
  m_Name: SearchingText
  m_TagString: Untagged
  m_Icon: {fileID: 0}
  m_NavMeshLayer: 0
  m_StaticEditorFlags: 0
  m_IsActive: 1
--- !u!224 &1764419356
RectTransform:
  m_ObjectHideFlags: 0
  m_PrefabParentObject: {fileID: 0}
  m_PrefabInternal: {fileID: 0}
  m_GameObject: {fileID: 1764419355}
  m_LocalRotation: {x: -0, y: -0, z: -0, w: 1}
  m_LocalPosition: {x: 0, y: 0, z: 0}
  m_LocalScale: {x: 1, y: 1, z: 1}
  m_Children: []
  m_Father: {fileID: 1133631541}
  m_RootOrder: 0
  m_LocalEulerAnglesHint: {x: 0, y: 0, z: 0}
  m_AnchorMin: {x: 0, y: 0.5}
  m_AnchorMax: {x: 0, y: 0.5}
  m_AnchoredPosition: {x: 80, y: 0}
  m_SizeDelta: {x: 600.4, y: 100}
  m_Pivot: {x: 0, y: 0.5}
--- !u!114 &1764419357
MonoBehaviour:
  m_ObjectHideFlags: 0
  m_PrefabParentObject: {fileID: 0}
  m_PrefabInternal: {fileID: 0}
  m_GameObject: {fileID: 1764419355}
  m_Enabled: 1
  m_EditorHideFlags: 0
  m_Script: {fileID: 708705254, guid: f70555f144d8491a825f0804e09c671c, type: 3}
  m_Name: 
  m_EditorClassIdentifier: 
  m_Material: {fileID: 0}
  m_Color: {r: 1, g: 1, b: 1, a: 1}
  m_RaycastTarget: 1
  m_OnCullStateChanged:
    m_PersistentCalls:
      m_Calls: []
    m_TypeName: UnityEngine.UI.MaskableGraphic+CullStateChangedEvent, UnityEngine.UI,
      Version=1.0.0.0, Culture=neutral, PublicKeyToken=null
  m_FontData:
    m_Font: {fileID: 12800000, guid: f66655b38428d40769e9e41ee237cbdc, type: 3}
    m_FontSize: 46
    m_FontStyle: 0
    m_BestFit: 0
    m_MinSize: 0
    m_MaxSize: 72
    m_Alignment: 3
    m_AlignByGeometry: 0
    m_RichText: 1
    m_HorizontalOverflow: 0
    m_VerticalOverflow: 0
    m_LineSpacing: 1
  m_Text: "Searching for surfaces\u2026"
--- !u!222 &1764419358
CanvasRenderer:
  m_ObjectHideFlags: 0
  m_PrefabParentObject: {fileID: 0}
  m_PrefabInternal: {fileID: 0}
  m_GameObject: {fileID: 1764419355}
--- !u!1 &2083512464
GameObject:
  m_ObjectHideFlags: 0
  m_PrefabParentObject: {fileID: 0}
  m_PrefabInternal: {fileID: 0}
  serializedVersion: 5
  m_Component:
  - component: {fileID: 2083512466}
  - component: {fileID: 2083512465}
  m_Layer: 0
  m_Name: Plane Generator
  m_TagString: Untagged
  m_Icon: {fileID: 0}
  m_NavMeshLayer: 0
  m_StaticEditorFlags: 0
  m_IsActive: 1
--- !u!114 &2083512465
MonoBehaviour:
  m_ObjectHideFlags: 0
  m_PrefabParentObject: {fileID: 0}
  m_PrefabInternal: {fileID: 0}
  m_GameObject: {fileID: 2083512464}
  m_Enabled: 1
  m_EditorHideFlags: 0
  m_Script: {fileID: 11500000, guid: 8c669a4cc43174caea1a3748b76f2652, type: 3}
  m_Name: 
  m_EditorClassIdentifier: 
  DetectedPlanePrefab: {fileID: 1654175882956584, guid: 6a35c744e5010405c847fad90282d2be,
    type: 2}
--- !u!4 &2083512466
Transform:
  m_ObjectHideFlags: 0
  m_PrefabParentObject: {fileID: 0}
  m_PrefabInternal: {fileID: 0}
  m_GameObject: {fileID: 2083512464}
  m_LocalRotation: {x: -0, y: -0, z: -0, w: 1}
  m_LocalPosition: {x: 0, y: 0, z: 0}
  m_LocalScale: {x: 1, y: 1, z: 1}
  m_Children: []
  m_Father: {fileID: 0}
  m_RootOrder: 8
  m_LocalEulerAnglesHint: {x: 0, y: 0, z: 0}
